<?xml version="1.0" encoding="UTF-8"?>
<record xmlns="http://www.loc.gov/MARC21/slim">
   <leader>00890cam a2200217 a 4500</leader>
   <controlfield tag="001">4021304</controlfield>
   <controlfield tag="003">NjP</controlfield>
   <controlfield tag="005">20180328172518.0</controlfield>
   <controlfield tag="008">031104s1938    le a          000 0dara d</controlfield>
   <datafield tag="024" ind1="7" ind2=" ">
      <subfield code="a">princeton_aco003729</subfield>
      <subfield code="2">local</subfield>
   </datafield>
   <datafield ind1=" " ind2=" " tag="040">
      <subfield code="a">NjP</subfield>
      <subfield code="c">NjP</subfield>
   </datafield>
   <datafield ind1=" " ind2=" " tag="043">
      <subfield code="a">a-tu---</subfield>
   </datafield>
   <datafield ind1=" " ind2="4" tag="050">
      <subfield code="a">DR590</subfield>
      <subfield code="b">.S266 1938</subfield>
   </datafield>
   <datafield ind1="1" ind2=" " tag="100">
      <subfield code="a">Sannū, Saʻīd.</subfield>
   </datafield>
   <datafield ind1="1" ind2="0" tag="245">
      <subfield code="a">Turkiyā al-Kamālīyah /</subfield>
      <subfield code="c">Saʻid Sannū.</subfield>
   </datafield>
   <datafield ind1=" " ind2=" " tag="260">
      <subfield code="a">Bayrūt :</subfield>
      <subfield code="b">Maktab al-Aṣḥāf wa-al-nashr,</subfield>
      <subfield code="c">1938.</subfield>
   </datafield>
   <datafield ind1=" " ind2=" " tag="300">
      <subfield code="a">194 p. :</subfield>
      <subfield code="b">ill. ;</subfield>
      <subfield code="c">22 cm.</subfield>
   </datafield>
   <datafield ind1=" " ind2=" " tag="500">
      <subfield code="a">Princeton's copy has author's signed dedication on t.p.</subfield>
      <subfield code="5">NjP</subfield>
   </datafield>
   <datafield ind1="1" ind2="0" tag="600">
      <subfield code="a">Atatürk, Kemal,</subfield>
      <subfield code="d">1881-1938.</subfield>
      <subfield code="0">http://id.loc.gov/authorities/names/n80044800</subfield>
   </datafield>
   <datafield ind1=" " ind2="0" tag="651">
      <subfield code="a">Turkey</subfield>
      <subfield code="x">Politics and government</subfield>
      <subfield code="y">1918-1960.</subfield>
      <subfield code="0">http://id.loc.gov/authorities/subjects/sh85138848</subfield>
   </datafield>
   <datafield ind1=" " ind2="0" tag="651">
      <subfield code="a">Turkey</subfield>
      <subfield code="x">Economic conditions</subfield>
      <subfield code="y">1918-1960.</subfield>
      <subfield code="0">http://id.loc.gov/authorities/subjects/sh85138791</subfield>
   </datafield>
   <datafield ind1=" " ind2=" " tag="904">
      <subfield code="a">slt</subfield>
      <subfield code="b">o</subfield>
      <subfield code="h">n</subfield>
      <subfield code="c">b</subfield>
      <subfield code="e">20031104</subfield>
   </datafield>
   <datafield ind1=" " ind2=" " tag="902">
      <subfield code="a">rs</subfield>
      <subfield code="b">o</subfield>
      <subfield code="6">a</subfield>
      <subfield code="7">m</subfield>
      <subfield code="d">v</subfield>
      <subfield code="f">1</subfield>
      <subfield code="e">20040319</subfield>
   </datafield>
   <datafield ind1="0" ind2=" " tag="852">
      <subfield code="0">4307135</subfield>
      <subfield code="b">rcppa</subfield>
      <subfield code="h">DR590</subfield>
      <subfield code="i">.S266 1938</subfield>
   </datafield>
   <datafield ind1=" " ind2=" " tag="959">
      <subfield code="a">2004-02-17 15:03:14 -0400</subfield>
   </datafield>
</record>
